@inbook{DBLP:books/sp/CyganFKLMPPS15,
  author       = {Marek Cygan and
                  Fedor V. Fomin and
                  Lukasz Kowalik and
                  Daniel Lokshtanov and
                  D{\'{a}}niel Marx and
                  Marcin Pilipczuk and
                  Michal Pilipczuk and
                  Saket Saurabh},
  title        = {Parameterized Algorithms},
  publisher    = {Springer},
  year         = {2015},
  pages        = {168--171},
  url          = {https://doi.org/10.1007/978-3-319-21275-3},
  doi          = {10.1007/978-3-319-21275-3},
  isbn         = {978-3-319-21274-6},
  timestamp    = {Sun, 25 Oct 2020 22:32:21 +0100},
  biburl       = {https://dblp.org/rec/books/sp/CyganFKLMPPS15.bib},
  bibsource    = {dblp computer science bibliography, https://dblp.org}
}

@article{DBLP:journals/anor/AlberBN06,
  author       = {Jochen Alber and
                  Nadja Betzler and
                  Rolf Niedermeier},
  title        = {Experiments on data reduction for optimal domination in networks},
  journal      = {Ann. Oper. Res.},
  volume       = {146},
  number       = {1},
  pages        = {105--117},
  year         = {2006},
  url          = {https://doi.org/10.1007/s10479-006-0045-4},
  doi          = {10.1007/S10479-006-0045-4},
  timestamp    = {Thu, 13 Aug 2020 12:39:54 +0200},
  biburl       = {https://dblp.org/rec/journals/anor/AlberBN06.bib},
  bibsource    = {dblp computer science bibliography, https://dblp.org}
}

@inproceedings{DBLP:conf/ijcai/Xiong024,
  author       = {Ziliang Xiong and
                  Mingyu Xiao},
  title        = {Exactly Solving Minimum Dominating Set and Its Generalization},
  booktitle    = {Proceedings of the Thirty-Third International Joint Conference on
                  Artificial Intelligence, {IJCAI} 2024, Jeju, South Korea, August 3-9,
                  2024},
  pages        = {7056--7064},
  publisher    = {ijcai.org},
  year         = {2024},
  url          = {https://www.ijcai.org/proceedings/2024/780},
  timestamp    = {Fri, 18 Oct 2024 20:55:13 +0200},
  biburl       = {https://dblp.org/rec/conf/ijcai/Xiong024.bib},
  bibsource    = {dblp computer science bibliography, https://dblp.org}
}   

@inproceedings{DBLP:conf/alenex/HamannS16,
  author       = {Michael Hamann and
                  Ben Strasser},
  editor       = {Michael T. Goodrich and
                  Michael Mitzenmacher},
  title        = {Graph Bisection with Pareto-Optimization},
  booktitle    = {Proceedings of the Eighteenth Workshop on Algorithm Engineering and
                  Experiments, {ALENEX} 2016, Arlington, Virginia, USA, January 10,
                  2016},
  pages        = {90--102},
  publisher    = {{SIAM}},
  year         = {2016},
  url          = {https://doi.org/10.1137/1.9781611974317.8},
  doi          = {10.1137/1.9781611974317.8},
  timestamp    = {Mon, 03 Mar 2025 20:57:25 +0100},
  biburl       = {https://dblp.org/rec/conf/alenex/HamannS16.bib},
  bibsource    = {dblp computer science bibliography, https://dblp.org}
}

@inproceedings{DBLP:conf/siamcsc/HespeL0S20,
  author       = {Demian Hespe and
                  Sebastian Lamm and
                  Christian Schulz and
                  Darren Strash},
  editor       = {H. Martin B{\"{u}}cker and
                  Xiaoye Sherry Li and
                  Sivasankaran Rajamanickam},
  title        = {WeGotYouCovered: The Winning Solver from the {PACE} 2019 Challenge,
                  Vertex Cover Track},
  booktitle    = {Proceedings of the {SIAM} Workshop on Combinatorial Scientific Computing,
                  {CSC} 2020, Seattle, USA, February 11-13, 2020},
  pages        = {1--11},
  publisher    = {{SIAM}},
  year         = {2020},
  url          = {https://doi.org/10.1137/1.9781611976229.1},
  doi          = {10.1137/1.9781611976229.1},
  timestamp    = {Mon, 03 Jan 2022 22:31:14 +0100},
  biburl       = {https://dblp.org/rec/conf/siamcsc/HespeL0S20.bib},
  bibsource    = {dblp computer science bibliography, https://dblp.org}
}